@article{tschofenignot,
  title={DO NOT TRACK},
  author={Tschofenig, Hannes and van Eijk, Rob},
  note = {\url{http://www.w3.org/2011/track-privacy/papers/Tschofenig.pdf}}
}

@article{sheltononline,
  title={Online Behavioral Advertising},
  author={Shelton, Dominique},
  note = {\url{http://litigationconferences.com/wp-content/uploads/2012/10/1330-Shelton-Online-Behavioral-Advertising.pdf}}
}

@Misc{wikidnt,
  author={Wikipedia},
  title={Do Not Track},
  note={\url{http://en.wikipedia.org/wiki/Do_Not_Track}}
}

@inproceedings{balebako2012measuring,
  title={Measuring the effectiveness of privacy tools for limiting behavioral advertising},
  author={Balebako, Rebecca and Leon, Pedro and Shay, Richard and Ur, Blase and Wang, Yang and Cranor, L},
  booktitle={Web 2.0 Workshop on Security and Privacy},
  year={2012}
}

@Misc{dntdraft,
  title={Do Not Track: A Universal Third-Party Web Tracking Opt Out draft-mayer-do-not-track-00},
  note={\url{http://tools.ietf.org/html/draft-mayer-do-not-track-00}},
  year=2011
}

@Misc{w3cwtp,
  titile={Web Tracking Protection},
  author={w3c},
  note={\url{http://www.w3.org/Submission/2011/SUBM-web-tracking-protection-20110224/#dnt-uas}},
  year=2011
}

@Misc{navigatordnt,
  author={Mozilla Developer Network}
  title={navigator.doNotTrack, DOM Reference},
  note={\url{https://developer.mozilla.org/en-US/docs/DOM/navigator.doNotTrack}}
  
}

@Misc{w3ctrackingcompliance,
  author={w3c},
  title={Tracking Compliance and Scope},
  year=2013,
  note={\url{http://www.w3.org/TR/tracking-compliance/}}
}

@Misc{donotbeg,
  author={Mike Perry},
  title={Do Not Beg: Moving Beyond DNT through Privacy by Design},
  note={\url{http://www.w3.org/2012/dnt-ws/position-papers/21.pdf}}
}

@Mist{rsa2013,
  author={Danielle Walker},
  title={RSA 2013: Titans clash over using do-not-track on an internet that advertising helped build},
  year=2013,
  note={\url{http://www.scmagazine.com/rsa-2013-titans-clash-over-using-do-not- track-on-an-internet-that-advertising-helped-build/article/282239/}}
}

@Misc{alexa,
  author =	 {Alexa},
  title =	 {{Top Sites}},
  note =	 {\url{http://www.alexa.com/topsites}},
}

@Misc{twitterdnt,
  title={{T}witter {S}upports {D}o {N}ot {T}rack},
  note={\url{https://support.twitter.com/articles/20169453-twitter-supports-do-not-track}}
}

@Misc{twitterfaq,
  title={{FAQ}s about tailored suggestions},
  note={\url{https://support.twitter.com/articles/20169941-faqs-about-tailored-suggestions}}
}

@Mist{twitterts,
  title={About tailored suggestions},
  note={\url{https://support.twitter.com/articles/20169421}}
}

@Misc{adroll,
  title={Ad{R}oll},
  note={\url{http://www.adroll.com/}}
}

@Misc{addthis,
  title={Add{T}his},
  note={\url{http://www.addthis.com/}}
}

@inproceedings{mayer2012third,
  title={Third-party web tracking: Policy and technology},
  author={Mayer, Jonathan R and Mitchell, John C},
  booktitle={Security and Privacy (SP), 2012 IEEE Symposium on},
  pages={413--427},
  year={2012},
  organization={IEEE}
}

@Misc{twittertailoredpreview,
  title={Tailor {T}witter to your interests},
  note={\url{https://twitter.com/who_to_follow/web_personalized}}
}
@misc{tracking_compliance_20130430,
  title = {Tracking Compliance and Scope},
  url = {http://www.w3.org/TR/tracking-compliance/},
  urldate = {2013-05-06},
  howpublished = {{http://www.w3.org/TR/tracking-compliance/}},
  file = {Tracking Compliance and Scope:/Users/ruoyul/Library/Application Support/Firefox/Profiles/krnophjl.default/zotero/storage/8BZ2X445/tracking-compliance.html:text/html}
},

@misc{tracking_compliance_20121002,
  title = {Tracking Compliance and Scope},
  url = {http://www.w3.org/TR/2012/WD-tracking-compliance-20121002/},
  urldate = {2013-05-06},
  howpublished = {{http://www.w3.org/TR/2012/WD-tracking-compliance-20121002/}},
  file = {Tracking Compliance and Scope:/Users/ruoyul/Library/Application Support/Firefox/Profiles/krnophjl.default/zotero/storage/EHTP9QSV/WD-tracking-compliance-20121002.html:text/html}
},

@misc{tracking_compliance_20120313,
  title = {Tracking Compliance and Scope},
  url = {http://www.w3.org/TR/2012/WD-tracking-compliance-20120313/},
  urldate = {2013-05-06},
  howpublished = {{http://www.w3.org/TR/2012/WD-tracking-compliance-20120313/}},
  file = {Tracking Compliance and Scope:/Users/ruoyul/Library/Application Support/Firefox/Profiles/krnophjl.default/zotero/storage/5BT92ZAW/WD-tracking-compliance-20120313.html:text/html}
},

@misc{tracking_compliance_20111114,
  title = {Tracking Compliance and Scope},
  url = {http://www.w3.org/TR/2011/WD-tracking-compliance-20111114/},
  urldate = {2013-05-06},
  howpublished = {{http://www.w3.org/TR/2011/WD-tracking-compliance-20111114/}},
  file = {Tracking Compliance and Scope:/Users/ruoyul/Library/Application Support/Firefox/Profiles/krnophjl.default/zotero/storage/88SMAB5K/WD-tracking-compliance-20111114.html:text/html}
},

@misc{tracking_dnt20130430,
  title = {Tracking Preference Expression ({DNT)}},
  url = {http://www.w3.org/TR/tracking-dnt/#dfn-tk},
  urldate = {2013-05-06},
  howpublished = {{http://www.w3.org/TR/tracking-dnt/\#dfn-tk}},
  file = {Tracking Preference Expression (DNT):/Users/ruoyul/Library/Application Support/Firefox/Profiles/krnophjl.default/zotero/storage/QSMNZMKF/tracking-dnt.html:text/html}
},

@misc{tracking_dnt20121002,
  title = {Tracking Preference Expression ({DNT)}},
  url = {http://www.w3.org/TR/2012/WD-tracking-dnt-20121002/},
  urldate = {2013-05-06},
  howpublished = {{http://www.w3.org/TR/2012/WD-tracking-dnt-20121002/}},
  file = {Tracking Preference Expression (DNT):/Users/ruoyul/Library/Application Support/Firefox/Profiles/krnophjl.default/zotero/storage/KNDEJP7G/WD-tracking-dnt-20121002.html:text/html}
},

@misc{tracking_dnt20120313,
  title = {Tracking Preference Expression ({DNT)}},
  url = {http://www.w3.org/TR/2012/WD-tracking-dnt-20120313/},
  urldate = {2013-05-06},
  howpublished = {{http://www.w3.org/TR/2012/WD-tracking-dnt-20120313/}},
  file = {Tracking Preference Expression (DNT):/Users/ruoyul/Library/Application Support/Firefox/Profiles/krnophjl.default/zotero/storage/KIQEWPR8/WD-tracking-dnt-20120313.html:text/html}
},

@misc{tracking_dnt20111114,
  title = {Tracking Preference Expression ({DNT)}},
  url = {http://www.w3.org/TR/2011/WD-tracking-dnt-20111114/},
  urldate = {2013-05-06},
  howpublished = {{http://www.w3.org/TR/2011/WD-tracking-dnt-20111114/}},
  file = {Tracking Preference Expression (DNT):/Users/ruoyul/Library/Application Support/Firefox/Profiles/krnophjl.default/zotero/storage/XH2BE8R2/WD-tracking-dnt-20111114.html:text/html}
}

 @misc{nosuchthing,
  title = {There is no such thing as anonymous online tracking {\textbar} Center for Internet and Society},
  url = {https://cyberlaw.stanford.edu/blog/2011/07/there-no-such-thing-anonymous-online-tracking},
  urldate = {2013-05-06},
  howpublished = {https://cyberlaw.stanford.edu/blog/2011/07/there-no-such-thing-anonymous-online-tracking},
  file = {There is no such thing as anonymous online tracking | Center for Internet and Society:/Users/ruoyul/Library/Application Support/Firefox/Profiles/krnophjl.default/zotero/storage/NQAPIKVZ/there-no-such-thing-anonymous-online-tracking.html:text/html}
}

@inproceedings{mcdonald2010beliefs,
  title={Beliefs and behaviors: Internet users' understanding of behavioral advertising},
  author={McDonald, Aleecia and Cranor, Lorrie},
  year={2010},
  organization={TPRC}
}

@inproceedings{leon2012johnny,
  title={Why Johnny can't opt out: A usability evaluation of tools to limit online behavioral advertising},
  author={Leon, Pedro and Ur, Blase and Shay, Richard and Wang, Yang and Balebako, Rebecca and Cranor, Lorrie},
  booktitle={Proceedings of the 2012 ACM annual conference on Human Factors in Computing Systems},
  pages={589--598},
  year={2012},
  organization={ACM}
}