@misc{tracking_compliance_20130430,
	title = {Tracking Compliance and Scope},
	url = {http://www.w3.org/TR/tracking-compliance/},
	urldate = {2013-05-06},
	howpublished = {{http://www.w3.org/TR/tracking-compliance/}},
	file = {Tracking Compliance and Scope:/Users/ruoyul/Library/Application Support/Firefox/Profiles/krnophjl.default/zotero/storage/8BZ2X445/tracking-compliance.html:text/html}
},

@misc{tracking_compliance_20121002,
	title = {Tracking Compliance and Scope},
	url = {http://www.w3.org/TR/2012/WD-tracking-compliance-20121002/},
	urldate = {2013-05-06},
	howpublished = {{http://www.w3.org/TR/2012/WD-tracking-compliance-20121002/}},
	file = {Tracking Compliance and Scope:/Users/ruoyul/Library/Application Support/Firefox/Profiles/krnophjl.default/zotero/storage/EHTP9QSV/WD-tracking-compliance-20121002.html:text/html}
},

@misc{tracking_compliance_20120313,
	title = {Tracking Compliance and Scope},
	url = {http://www.w3.org/TR/2012/WD-tracking-compliance-20120313/},
	urldate = {2013-05-06},
	howpublished = {{http://www.w3.org/TR/2012/WD-tracking-compliance-20120313/}},
	file = {Tracking Compliance and Scope:/Users/ruoyul/Library/Application Support/Firefox/Profiles/krnophjl.default/zotero/storage/5BT92ZAW/WD-tracking-compliance-20120313.html:text/html}
},

@misc{tracking_compliance_20111114,
	title = {Tracking Compliance and Scope},
	url = {http://www.w3.org/TR/2011/WD-tracking-compliance-20111114/},
	urldate = {2013-05-06},
	howpublished = {{http://www.w3.org/TR/2011/WD-tracking-compliance-20111114/}},
	file = {Tracking Compliance and Scope:/Users/ruoyul/Library/Application Support/Firefox/Profiles/krnophjl.default/zotero/storage/88SMAB5K/WD-tracking-compliance-20111114.html:text/html}
},

@misc{tracking_dnt20130430,
	title = {Tracking Preference Expression ({DNT)}},
	url = {http://www.w3.org/TR/tracking-dnt/#dfn-tk},
	urldate = {2013-05-06},
	howpublished = {{http://www.w3.org/TR/tracking-dnt/\#dfn-tk}},
	file = {Tracking Preference Expression (DNT):/Users/ruoyul/Library/Application Support/Firefox/Profiles/krnophjl.default/zotero/storage/QSMNZMKF/tracking-dnt.html:text/html}
},

@misc{tracking_dnt20121002,
	title = {Tracking Preference Expression ({DNT)}},
	url = {http://www.w3.org/TR/2012/WD-tracking-dnt-20121002/},
	urldate = {2013-05-06},
	howpublished = {{http://www.w3.org/TR/2012/WD-tracking-dnt-20121002/}},
	file = {Tracking Preference Expression (DNT):/Users/ruoyul/Library/Application Support/Firefox/Profiles/krnophjl.default/zotero/storage/KNDEJP7G/WD-tracking-dnt-20121002.html:text/html}
},

@misc{tracking_dnt20120313,
	title = {Tracking Preference Expression ({DNT)}},
	url = {http://www.w3.org/TR/2012/WD-tracking-dnt-20120313/},
	urldate = {2013-05-06},
	howpublished = {{http://www.w3.org/TR/2012/WD-tracking-dnt-20120313/}},
	file = {Tracking Preference Expression (DNT):/Users/ruoyul/Library/Application Support/Firefox/Profiles/krnophjl.default/zotero/storage/KIQEWPR8/WD-tracking-dnt-20120313.html:text/html}
},

@misc{tracking_dnt20111114,
	title = {Tracking Preference Expression ({DNT)}},
	url = {http://www.w3.org/TR/2011/WD-tracking-dnt-20111114/},
	urldate = {2013-05-06},
	howpublished = {{http://www.w3.org/TR/2011/WD-tracking-dnt-20111114/}},
	file = {Tracking Preference Expression (DNT):/Users/ruoyul/Library/Application Support/Firefox/Profiles/krnophjl.default/zotero/storage/XH2BE8R2/WD-tracking-dnt-20111114.html:text/html}
}
